@book{braga2005eletronica,
  title={Eletr{\^o}nica b{\'a}sica para mecatr{\^o}nica},
  author={Braga, Newton C},
  year={2005},
  publisher={Saber S{\~a}o Paulo}
}

@article{oliveira2003relaccao,
  title={A rela{\c{c}}{\~a}o capital-trabalho na agroind{\'u}stria sucroalcooeira paulista e a intensifica{\c{c}}{\~a}o do corte mecanizado: gest{\~a}o do trabalho e certifica{\c{c}}{\~a}o ambiental},
  author={Oliveira, Ana Maria Soares de},
  year={2003},
  publisher={Universidade Estadual Paulista (UNESP)}
}

@article{dayrell2007escola,
  title={A escola ?faz? as juventudes? Reflex{\~o}es em torno da socializa{\c{c}}{\~a}o juvenil},
  author={Dayrell, Juarez},
  journal={Educa{\c{c}}{\~a}o e sociedade},
  volume={28},
  number={100},
  pages={1105--1128},
  year={2007},
  publisher={SciELO Brasil}
}

@article{amarante2008questao,
  title={A quest{\~a}o da sa{\'u}de mental e aten{\c{c}}{\~a}o psicossocial: considera{\c{c}}{\~o}es acerca do debate em torno de conceitos e direitos},
  author={Amarante, Paulo},
  journal={Physis Revista de Sa{\'u}de Coletiva},
  volume={18},
  number={4},
  pages={829--840},
  year={2008},
  publisher={SciELO Brasil}
}

@article{baio2011avaliaccao,
  title={Avalia{\c{c}}{\~a}o da acur{\'a}cia no direcionamento com piloto autom{\'a}tico e contraste da capacidade de campo operacional no plantio mecanizado da cana-de-a{\c{c}}{\'u}car},
  author={Baio, F{\'a}bio HR and Moratelli, Rodrigo F},
  journal={Engenharia Agr{\'\i}cola, Jaboticabal},
  volume={31},
  number={2},
  pages={367--375},
  year={2011},
  publisher={SciELO Brasil}
}

@book{bronson2000c,
  title={C++ para ingenier{\'\i}a y ciencias},
  author={Bronson, Gary J},
  year={2000},
  publisher={International Thomson,}
}

@article{queiroga2008tecnologias,
  title={Tecnologias utilizadas no cultivo do gergelim mecanizado.},
  author={QUEIROGA, V de P and da SILVA, ORRF},
  journal={Embrapa Algod{\~a}o-Documentos (INFOTECA-E)},
  year={2008},
  publisher={Campina Grande: Embrapa Algod{\~a}o, 2008.}
}

@book{collepardi1991scienza,
  title={Scienza e tecnologia del calcestruzzo},
  author={Collepardi, Mario},
  year={1991},
  publisher={Hoepli editore}
}